%% LaTeX2e file `biblio.bib'
%% generated by the `filecontents' environment
%% from source `latex_tampleate_paper' on 2020/04/16.
%%
\begin{document}

\title{This is a template}
\author{Valgi0}
\date{Today}

\maketitle


\begin{abstract}
Abstract goes here....
\end{abstract}

\section{Section}
This is the first section

\begin{equation}
r = \sum_{i=0}^{10} i*2
\end{equation}

 
\addcontentsline{toc}{chapter}{Bibliography}

\bibliography{biblio}

\end{document}
